# \bibliography{hoge}
# \bibliographystyle{jplain} % 	参考文献をアルファベット順で出力する
# \bibliographystyle{junsrt} % 参考文献を引用された順で出力する

# mktexlsr
# bibtex report

@misc{2910102026:online,
  author       = {北海道経済産業局，株式会社ヴィッツ，国立大学法人北海道大学},
  howpublished = {\url{https://www.chusho.meti.go.jp/keiei/sapoin/portal/seika/2017/2910102005h.pdf}},
  month        = {},
  note         = {(Accessed on 02/21/2023)},
  title        = {積雪寒冷地域の交通弱者移動支援のための雪道走行を可能とする自動運転技術の開発},
  year         = {令和2年5月}
}

@misc{bass:online,
  author       = {},
  howpublished = {\url{https://xtrend.nikkei.com/atcl/contents/casestudy/00012/00843/}},
  month        = {},
  note         = {(Accessed on 02/21/2023)},
  title        = {自動運転バスは雪道を走れるか？　北海道で実験，見えた期待と課題：日経クロストレンド},
  year         = {03/08/2022}
}

@misc{blizzard52:online,
  author       = {北海道警察本部交通部交通企画課},
  howpublished = {\url{https://www.police.pref.hokkaido.lg.jp/info/koutuu/fuyumichi/blizzard.pdf}},
  month        = {},
  note         = {(Accessed on 02/21/2023)},
  title        = {吹雪など視界不良時における交通事故の実態},
  year         = {}
}

@misc{cobby:online,
  author       = {},
  howpublished = {\url{https://cobby.jp/snow-selfdriving.html}},
  month        = {},
  note         = {(Accessed on 02/21/2023)},
  title        = {自動運転は雪道でも可能？実現に向けて取り組む各企業・各団体の研究内容と今後の展望 - COBBY},
  year         = {}
}

@misc{ja83:online,
  author       = {北畑裕貴，正大野和則，鈴木高宏，田所諭},
  howpublished = {\url{https://www.jstage.jst.go.jp/article/jsmermd/2015/0/2015__1A1-G01_1/_pdf/-char/ja}},
  month        = {},
  note         = {(Accessed on 02/21/2023)},
  title        = {自動運転のための道路の積雪の認識に関する研究},
  year         = {05/17/2015}
}

@misc{yahoo-sonnahashiri:online,
  author       = {ねとらぼ},
  howpublished = {\url{https://news.yahoo.co.jp/articles/5f140db8f559673822f3065d83cd1b1d802a2584}},
  month        = {},
  note         = {(Accessed on 02/21/2023)},
  title        = {そんな走りで大丈夫か　自動運転で雪道を走るテスラが不安定すぎる　ふらふらとまっすぐ走れない様子が恐ろしい（ねとらぼ） - Yahoo!ニュース},
  year         = {}
}